% Encoding: UTF-8

@Online{Mees2012,
  author  = {Mees J. and Fockedey N. and Seys J.},
  date    = {2012-04-01},
  title   = {VLIZ Jaarboek 2011 – voor al wie gefascineerd isdoor de zee en de kust�},
  url     = {http://www.vliz.be/imisdocs/publications/236165.pdf},
  urldate = {2022-12-16},
}

@Online{Melrel1992,
  author  = {Melrel, Petrlck and Rossaen, Geen and De Begge, Nico and Ysebaert Tom and en Kuijken, EckhaÍt},
  date    = {1992-07-01},
  title   = {HET SCHELDE-ESTUARIUM : ECOLOGISCHE BESCHRIJVING ENEEN VISIE OP DE TOEKOMST},
  url     = {https://purews.inbo.be/ws/portalfiles/portal/18129077/Meire_etal_1992_ScheldeEstuariumEcolBeschrijving.pdf},
  urldate = {2022-12-16},
}

@Online{Meire2005,
  author  = {Meire, Patrick and Ysebaert, Tom and Van Damme, Stefan and Van den Bergh, Erika and Maris, Tom and Struyf, Eric},
  date    = {2005-01-01},
  title   = {The Scheldt estuary: a description of a changing ecosystem},
  url     = {https://purews.inbo.be/ws/portalfiles/portal/29068197/Meire_etal_2005_Hydrobiologia.pdf},
  urldate = {2022-12-16},
}

@Online{Peeters2015,
  author  = {Peeters, Helle and van Hove, Bert and Verhallen, Annemiek and Cofino, Wim},
  date    = {2015-01-12},
  title   = {THE SCHELDT ESTRUARY CASE: FROM CONFLICT TO COOPERATION},
  url     = {https://discomap.eea.europa.eu/map/Data/Milieu/OURCOAST_012_BE_NL/OURCOAST_012_BE_NL_Doc2_Scheldt.pdf},
  urldate = {2022-12-16},
}

@Online{Stupnikov2018,
  author  = {Stupnikov, Sergey and Kalinichenko, Leonid},
  date    = {2018-10-09},
  title   = {FAIR Data Based on Extensible Unifying Data Model Development},
  url     = {https://ceur-ws.org/Vol-2277/paper04.pdf},
  urldate = {2022-12-16},
}

@Article{Dantoni2022,
  author       = {Joey Dantoni},
  date         = {2022-05-12},
  journaltitle = {Data Warehouse},
  title        = {What Is Structured Data? A Beginner's Guide},
  url          = {https://www.netsuite.com/portal/resource/articles/data-warehouse/structured-data.shtml},
  urldate      = {2023-02-16},
}

@Online{IBMCloudEducation2021,
  author  = {IBM Cloud Education, IBM Cloud Education},
  date    = {2021-06-29},
  title   = {Structured vs. Unstructured Data: What’s the Difference?},
  url     = {https://www.ibm.com/cloud/blog/structured-vs-unstructured-data?mhsrc=ibmsearch_a&mhq=&quot;What is unstructured data&quot; 2021},
  urldate = {2023-02-16},
}

@Article{ihritik2021,
  author       = {ihritik},
  date         = {2021-11-20},
  journaltitle = {geeksforgeeks},
  title        = {What is Semi-structured data?},
  url          = {https://www.geeksforgeeks.org/what-is-semi-structured-data/?ref=gcse},
  urldate      = {2023-02-16},
}

@Online{Heddings2018,
  author  = {Anthony Heddings},
  date    = {2018-10-01},
  title   = {What is Binary, and Why Do Computers Use It?},
  url     = {https://www.howtogeek.com/367621/what-is-binary-and-why-do-computers-use-it/},
  urldate = {2023-02-16},
}

@Online{TECHOPEDIA2017,
  author  = {TECHOPEDIA},
  date    = {2017-12-12},
  title   = {Metadata},
  url     = {https://www.techopedia.com/definition/1938/metadata#what-does-metadata-mean},
  urldate = {2023-02-16},
}

@Comment{jabref-meta: databaseType:biblatex;}
